@misc{redmondBenjamin,
author={Walter Benjamin},
translator={Dennis Redmond},
title={{On the Concept of History}, translated by {Dennis Redmond}},
note={\url{https://www.marxists.org/reference/archive/benjamin/1940/history.htm}}
}
@book{benjaminilluminations,
  title={Illuminations},
  author={Benjamin, Walter},
  year={1968},
  publisher={Harcourt Brace Jovanovich, Inc}
}